01RETORNO01COBRANCA       DEUTSCHE BANK                 487190220200000001                                                                                                                                                                                                                                                                                                                                                                                                                                                                                                                                                                                                                                                                                                                                                                                                                                                                                                                                                                                                                                                                                                                                                                                                                                                                                                                                                                                                                                                                                                                                                                                                                                                                                                                                                                                                                                                                                                                                                                                                000001
02000100010131742030278428000161L OREAL BRASIL COMERCIAL DE COSMETICOS LTDA                 AV BARAO DE TEFE, 27,   LOJA 201 E - SALA 50 GAMBOA                             SAO PAULO                SP20090010   0487047555126371202202028112019TESTE90020DM N21COBRANCA SIMPLES              N200179574000179 PERFORMANCE INSTITUTO TESTE90020                            AV. FARIA LIMA, 3900                                                                                ITAIM                                   SAO PAULO                     SP41810040AV BRIG FARIA LIMA 3900 14  ANDAR                                                                   BELO HORIZONTE                MG04538132             00000000000000000SUJEITO A PROTESTO APOS 10 DIAS DE VENCIDO                                      APOS VENCIMENTO COBRAR JUROS DE MORA DE 6% AO MES                                                                                                                                                                                               NAO ENVIAR PARA PROTESTO.                                                       040220202030278428000161L OREAL BRASIL COMERCIAL DE COSMETICOS LTDA                 AV BARAO DE TEFE, 27,   LOJA 201 E - SALA 50 GAMBOA                                                 SAO PAULO                     20090010SP000000000030139000000000000000000000000000000N00000000000006000000000      0000000000000000000000000000001013174henrique.azevedo@db.com                                                                                                 0411999672111  4879000109001013174024755512637568163000003013948796816300000301390001000101317404755512637F             02TESTE90020                                                                                                                                                                                                                                                                                                    000002
02000100010131742030278428000161L OREAL BRASIL COMERCIAL DE COSMETICOS LTDA                 AV BARAO DE TEFE, 27,   LOJA 201 E - SALA 50 GAMBOA                             SAO PAULO                SP20090010   0487047555126451502202028112019TESTE90021DM N21COBRANCA SIMPLES              N224472677000190 OPTICA PC IGUATEMI LTDA                                     AV IGUATEMI 777                                                                                     LJ 01 PAV 1 SHO                         CAMPINAS                      SP13092902AV BRIG FARIA LIMA 3900 14  ANDAR                                                                   BELO HORIZONTE                MG04538132             00000000000000000SUJEITO A PROTESTO APOS 10 DIAS DE VENCIDO                                      APOS VENCIMENTO COBRAR JUROS DE MORA DE 6% AO MES                                                                                                                                                                                               NAO ENVIAR PARA PROTESTO.                                                       040220202030278428000161L OREAL BRASIL COMERCIAL DE COSMETICOS LTDA                 AV BARAO DE TEFE, 27,   LOJA 201 E - SALA 50 GAMBOA                                                 SAO PAULO                     20090010SP000000000030139000000000000000000000000000000N00000000000006000000000      0000000000000000000000000000001013174henrique.azevedo@db.com                                                                                                 0411961991026  4879000109001013174024755512645838166000003013948793816600000301390001000101317404755512645F             02TESTE90021                                                                                                                                                                                                                                                                                                    000003
02000100010131742030278428000161L OREAL BRASIL COMERCIAL DE COSMETICOS LTDA                 AV BARAO DE TEFE, 27,   LOJA 201 E - SALA 50 GAMBOA                             SAO PAULO                SP20090010   0487047555126531502202028112019TESTE90022DM N21COBRANCA SIMPLES              N200179574000179 PERFORMANCE INSTITUTO TESTE90020                            AV. FARIA LIMA, 3900                                                                                ITAIM                                   SAO PAULO                     SP41810040AV BRIG FARIA LIMA 3900 14  ANDAR                                                                   BELO HORIZONTE                MG04538132             00000000000000000SUJEITO A PROTESTO APOS 10 DIAS DE VENCIDO                                      APOS VENCIMENTO COBRAR JUROS DE MORA DE 6% AO MES                                                                                                                                                                                               NAO ENVIAR PARA PROTESTO.                                                       040220202030278428000161L OREAL BRASIL COMERCIAL DE COSMETICOS LTDA                 AV BARAO DE TEFE, 27,   LOJA 201 E - SALA 50 GAMBOA                                                 SAO PAULO                     20090010SP000000000030139000000000000000000000000000000N00000000000006000000000      0000000000000000000000000000001013174henrique.azevedo@db.com                                                                                                 0411999672111  4879000109001013174024755512653248166000003013948794816600000301390001000101317404755512653F11983839483  02TESTE90022                                                                                                                                                                                                                                                                                                    000004
02000100010131742030278428000161L OREAL BRASIL COMERCIAL DE COSMETICOS LTDA                 AV BARAO DE TEFE, 27,   LOJA 201 E - SALA 50 GAMBOA                             SAO PAULO                SP20090010   0487047555126612002202028112019TESTE90023DM N21COBRANCA SIMPLES              N224472677000190 OPTICA PC IGUATEMI LTDA                                     AV IGUATEMI 777                                                                                     LJ 01 PAV 1 SHO                         CAMPINAS                      SP13092902AV BRIG FARIA LIMA 3900 14  ANDAR                                                                   BELO HORIZONTE                MG04538132             00000000000000000SUJEITO A PROTESTO APOS 10 DIAS DE VENCIDO                                      APOS VENCIMENTO COBRAR JUROS DE MORA DE 6% AO MES                                                                                                                                                                                               NAO ENVIAR PARA PROTESTO.                                                       040220202030278428000161L OREAL BRASIL COMERCIAL DE COSMETICOS LTDA                 AV BARAO DE TEFE, 27,   LOJA 201 E - SALA 50 GAMBOA                                                 SAO PAULO                     20090010SP000000000030139000000000000000000000000000000N00000000000006000000000      0000000000000000000000000000001013174henrique.azevedo@db.com                                                                                                 0411961991026  4879000109001013174024755512661528171000003013948792817100000301390001000101317404755512661F11999048736  02TESTE90023                                                                                                                                                                                                                                                                                                    000005
9                                                                                                                                                                                                                                                                                                                                                                                                                                                                                                                                                                                                                                                                                                                                                                                                                                                                                                                                                                                                                                                                                                                                                                                                                                                                                                                                                                                                                                                                                                                                                                                                                                                                                                                                                                                                                                                                                                                                                                                                                                                                         000006
